@article{Biasutti2011,
author = {Biasutti, Michela and Yuter, Sandra E. and Burleyson, Casey D. and Sobel, Adam H.},
doi = {10.1007/s00382-011-1146-6},
journal = {Clim. Dyn.},
pages = {239--258},
title = {{Very high resolution rainfall patterns measured by TRMM precipitation radar: seasonal and diurnal cycles}},
volume = {39},
year = {2011}
}
@incollection{Christensen2011,
address = {Cambridge, United Kingdom and New York, NY, USA},
author = {Christensen, J. H. and {Krishna Kumar}, K. and Aldrian, E. and An, S.-I. and Cavalcanti, I. F. A. and de Castro, M. and Dong, W. and Goswami, P. and Hall, A. and Kanyanga, J. K. and Kitoh, A. and Kossin, J. and Lau, N.-C. and Renwick, J. and Stephenson, D. B. and Xie, S.-P. and Zhou, Tianjun},
booktitle = {Climate Change 2013: The Physical Science Basis. Contribution of Working Group I to the Fifth Assessment Report of the Intergovernmental Panel on Climate Change},
editor = {Stocker, T. F. and Qin, D. and Plattner, G.-K. and Tignor, M. and Allen, S. K. and Boschung, J. and Nauels, A. and Xia, Y. and Bex, V. and Midgley, P. M.},
publisher = {Cambridge University Press},
title = {{Climate Phenomena and their Relevance for Future Regional Climate Change}},
year = {2011}
}
@article{Mantua2002,
author = {Mantua, Nathan J. and Hare, Steven R.},
journal = {J. Oceanogr.},
pages = {35--44},
title = {{The Pacific Decadal Oscillation}},
volume = {58},
year = {2002}
}
@article{Saji1999,
author = {Saji, N. H. and Goswami, B. N. and Vinayachandran, P. N. and Yamagata, T.},
doi = {10.1038/43854},
journal = {Nature},
pages = {360--363},
title = {{A dipole mode in the tropical Indian Ocean.}},
volume = {401},
year = {1999}
}
@article{Wu2014,
author = {Wu, Huawu and Zhang, Xinping and Xiaoyan, Li and Li, Guang and Huang, Yimin},
doi = {10.1002/hyp.10132},
journal = {Hydrol. Process.},
pages = {n/a--n/a},
title = {{Seasonal variations of deuterium and oxygen-18 isotopes and their response to moisture source for precipitation events in the subtropical monsoon region}},
year = {2014}
}
@article{Yang2011a,
author = {Yang, Xiaoxin and Yao, Tandong and Yang, Wulin and Yu, Wusheng and Qu, Dongmei},
doi = {10.1029/2011GL049353},
journal = {Geophys. Res. Lett.},
pages = {L21809},
title = {{Co-existence of temperature and amount effects on precipitation $\delta^{18}$O in the Asian monsoon region}},
volume = {38},
year = {2011}
}
@article{Xu2011,
author = {Xu, Weixin and Zipser, Edward J.},
doi = {10.1175/2010JCLI3719.1},
journal = {J. Climate},
pages = {448--465},
title = {{Diurnal Variations of Precipitation, Deep Convection, and Lightning over and East of the Eastern Tibetan Plateau}},
volume = {24},
year = {2011}
}
@article{Rajeevan2006,
author = {Rajeevan, M. and Bhate, Jyoti and Kale, J. D. and Lal, B.},
journal = {Curr. Sci.},
pages = {296--306},
title = {{High resolution daily gridded rainfall data for the Indian region: Analysis of break and active monsoon spells}},
volume = {91},
year = {2006}
}
@article{Hansen1987,
author = {Hansen, James and Lebedeff, Sergej},
journal = {J. Geophys. Res.},
pages = {13345--13372},
title = {{Global trends of measured surface air temperature}},
volume = {92},
year = {1987}
}
@article{Lei2014,
author = {Lei, Yonghui and Hoskins, Brian and Slingo, Julia},
doi = {10.1007/s00382-013-1726-8},
journal = {Clim. Dyn.},
pages = {417--432},
title = {{Natural variability of summer rainfall over China in HadCM3}},
volume = {42},
year = {2014}
}
@article{Chen2014,
author = {Chen, Jinqiang and Bordoni, Simona},
doi = {10.1175/JCLI-D-13-00479.1},
journal = {J. Climate},
pages = {3052--3072},
title = {{Orographic Effects of the Tibetan Plateau on the East Asian Summer Monsoon: An Energetic Perspective}},
volume = {27},
year = {2014}
}
@article{Annamalai2001,
author = {Annamalai, H and Slingo, JM},
journal = {Clim. Dyn.},
pages = {85--102},
title = {{Active/break cycles: Diagnosis of the intraseasonal variability of the Asian summer monsoon}},
volume = {18},
year = {2001}
}
@incollection{Yeh1959,
author = {Yeh, Tu-Cheng and Dao, Shih-Yen and Li, Mei-Ts'un},
booktitle = {The Atmosphere and the Sea in Motion},
editor = {Bolin, B.},
pages = {249--267},
publisher = {Rockefeller Institute Press},
title = {{The Abrupt Change of Circulation over the Northern Hemisphere during June and October}},
year = {1959}
}
@article{Wu2007,
author = {Wu, Guoxiong and Liu, Yimin and Zhang, Qiong and Duan, Anmin and Wang, Tongmei and Wan, Rijin and Liu, Xin and Li, Weiping and Wang, Zaizhi and Liang, Xiaoyun},
doi = {10.1175/JHM609.1},
journal = {J. Hydrometeor.},
pages = {770--789},
title = {{The Influence of Mechanical and Thermal Forcing by the Tibetan Plateau on Asian Climate}},
volume = {8},
year = {2007}
}
@article{Eagle2013,
author = {Eagle, Robert A. and Risi, Camille and Mitchell, Jonathan L and Eiler, John M and Seibt, Ulrike and Neelin, J David and Li, Gaojun and Tripati, Aradhna K.},
doi = {10.1073/pnas.1213366110},
journal = {Proc. Natl. Acad. Sci. U. S. A.},
pages = {8813--8},
title = {{High regional climate sensitivity over continental China constrained by glacial-recent changes in temperature and the hydrological cycle}},
volume = {110},
year = {2013}
}
@article{Zhang2013,
author = {Zhang, Yuwei and Wang, Donghai and Zhai, Panmao and Gu, Guojun and He, Jinhai},
journal = {J. Climate},
pages = {5637--5654},
title = {{Spatial Distributions and Seasonal Variations of Tropospheric Water Vapor Content over the Tibetan Plateau}},
volume = {26},
year = {2013}
}
@article{Zhao2013,
author = {Zhao, Tianbao and Yatagai, Akiyo},
journal = {Int. J. Climatol.},
pages = {n/a--n/a},
title = {{Evaluation of TRMM 3B42 product using a new gauge-based analysis of daily precipitation over China}},
doi = {10.1002/joc.3872},
year = {2013}
}
@article{Parthasarathy1994,
author = {Parthasarathy, B and Munot, AA and Kothawale, DR},
journal = {Theor. Appl. Climatol.},
pages = {217--224},
title = {{All-India Monthly and Seasonal Rainfall Series : 1871-1993}},
volume = {224},
year = {1994}
}
@article{Yang2011,
author = {Yang, XiaoXin and Xu, BaiQing and Yang, Wei and Qu, DongMei},
journal = {Sci. China Earth Sci.},
pages = {438--445},
title = {{The Indian monsoonal influence on altitude effect of $\delta^{18}$O in surface water on southeast Tibetan Plateau}},
volume = {55},
year = {2011}
}
@article{Yao2009,
author = {Yao, TanDong and Zhou, Hang and Yang, XiaoXin},
journal = {Chinese Sci. Bull.},
pages = {2724--2731},
title = {{Indian monsoon influences altitude effect of $\delta^{18}$O in precipitation/river water on the Tibetan Plateau}},
volume = {54},
year = {2009}
}
@article{Chen2014b,
author = {Chen, Jinqiang and Bordoni, Simona},
journal = {J. Geophys. Res. Atmos.},
pages = {1314--1321},
title = {{Intermodel spread of East Asian summer monsoon simulations in CMIP5}},
volume = {41},
year = {2014}
}
@article{Xie2009,
author = {Xie, Shang-Ping and Hu, Kaiming and Hafner, Jan and Tokinaga, Hiroki and Du, Yan and Huang, Gang and Sampe, Takeaki},
journal = {J. Climate},
pages = {730--747},
title = {{Indian Ocean Capacitor Effect on Indo€-Western Pacific Climate during the Summer following El Ni\~{n}o}},
volume = {22},
year = {2009}
}
@article{Smith2008,
author = {Smith, Thomas M. and Reynolds, Richard W. and Peterson, Thomas C. and Lawrimore, Jay},
journal = {J. Climate},
pages = {2283--2296},
title = {{Improvements to NOAA'€™s Historical Merged Land-€“Ocean Surface Temperature Analysis (1880-2006)}},
volume = {21},
year = {2008}
}
@article{Barnes2012,
author = {Barnes, EA and Hartmann, DL},
journal = {J. Climate},
pages = {3409--3416},
title = {{The global distribution of atmospheric eddy-length scales}},
volume = {25},
year = {2012}
}
@article{Song2014,
author = {Song, Fengfei and Zhou, Tianjun and Qian, Yun},
journal = {Geophys. Res. Lett.},
pages = {596--603},
title = {{Responses of East Asian summer monsoon to natural and anthropogenic forcings in the 17 latest CMIP5 models}},
volume = {41},
year = {2014}
}
@article{Gong2002,
author = {Gong, Dao-Yi and Ho, Chang-Hoi},
journal = {Geophys. Res. Lett.},
pages = {1436},
title = {{Shift in the summer rainfall over the Yangtze River valley in the late 1970s}},
volume = {29},
year = {2002}
}
@article{Medina2010,
author = {Medina, Socorro and Houze, Robert A. and Kumar, Anil and Niyogi, Dev},
journal = {Q. J. R. Meteorol. Soc.},
pages = {593--616},
title = {{Summer monsoon convection in the Himalayan region: terrain and land cover effects}},
volume = {136},
year = {2010}
}
@article{Qiu2013,
author = {Qiu, Jane},
journal = {Science},
pages = {1400--1401},
title = {{Monsoon melee}},
volume = {340},
year = {2013}
}
@article{North1982,
author = {North, Gerald R. and Bell, Thomas L. and Cahalan, Robert F. and Moeng, Fanthune J.},
journal = {Mon. Weather Rev.},
pages = {699--706},
title = {{Sampling Errors in the Estimation of Empirical Orthogonal Functions}},
volume = {110},
year = {1982}
}
@article{Emanuel1995,
author = {Emanuel, KA},
journal = {J. Atmos. Sci.},
pages = {1529--1534},
title = {{On Thermally Direct Circulations in Moist Atmospheres}},
volume = {52},
year = {1995}
}
@article{Bhat2004,
author = {Bhat, G. S. and Vecchi, G. A. and Gadgil, S.},
journal = {J. Atmos. Ocean. Technol.},
pages = {1283--1290},
title = {{Sea surface temperature of the Bay of Bengal derived from the TRMM Microwave Imager}},
volume = {21},
year = {2004}
}
@article{Hourdin2012,
author = {Hourdin, Fr\'{e}d\'{e}ric and Grandpeix, Jean-Yves and Rio, Catherine and Bony, Sandrine and Jam, Arnaud and Cheruy, Fr\'{e}d\'{e}rique and Rochetin, Nicolas and Fairhead, Laurent and Idelkadi, Abderrahmane and Musat, Ionela and Dufresne, Jean-Louis and Lahellec, Alain and Lefebvre, Marie-Pierre and Roehrig, Romain},
doi = {10.1007/s00382-012-1343-y},
journal = {Clim. Dyn.},
pages = {2193--2222},
title = {{LMDZ5B: the atmospheric component of the IPSL climate model with revisited parameterizations for clouds and convection}},
volume = {40},
year = {2012}
}
@article{Hourdin2006,
author = {Hourdin, Fr\'{e}d\'{e}ric and Musat, Ionela and Bony, Sandrine and Braconnot, Pascale and Codron, Francis and Dufresne, Jean-Louis and Fairhead, Laurent and Filiberti, Marie-Ang\`{e}le and Friedlingstein, Pierre and Grandpeix, Jean-Yves and Krinner, Gerhard and LeVan, Phu and Li, Zhao-Xin and Lott, Fran\c{c}ois},
journal = {Clim. Dyn.},
pages = {787--813},
title = {{The LMDZ4 general circulation model: climate performance and sensitivity to parametrized physics with emphasis on tropical convection}},
volume = {27},
year = {2006}
}
@article{Chen1993,
author = {Chen, Tsing-Chang and Chen, Jau-Ming},
journal = {Mon. Weather Rev.},
pages = {2465--2482},
title = {{The 10-20-Day Mode of the 1979 Indian Monsoon: Its Relation with the Time Variation of Monsoon Rainfall}},
volume = {121},
year = {1993}
}
@article{Kennedy2011a,
author = {Kennedy, J. J. and Rayner, N. A. and Smith, R. O. and Parker, D. E. and Saunby, M.},
journal = {J. Geophys. Res.},
pages = {D14103},
title = {{Reassessing biases and other uncertainties in sea surface temperature observations measured in situ since 1850: 1. Measurement and sampling}},
volume = {116},
year = {2011}
}
@article{Kennedy2011,
author = {Kennedy, J. J. and Rayner, N. A. and Smith, R. O. and Parker, D. E. and Saunby, M.},
journal = {J. Geophys. Res.},
title = {{Reassessing biases and other uncertainties in sea surface temperature observations measured in situ since 1850: 2. Biases and homogenization}},
volume = {116},
year = {2011},
pages = {D14104}
}
@article{Han2006,
author = {Han, Weiqing and Liu, W. Timothy and Lin, Jialin},
doi = {10.1029/2005GL025082},
journal = {Geophys. Res. Lett.},
pages = {L03609},
title = {{Impact of atmospheric submonthly oscillations on sea surface temperature of the tropical Indian Ocean}},
volume = {33},
year = {2006}
}
@article{Vecchi2002,
author = {Vecchi, GA and Harrison, DE},
journal = {J. Climate},
pages = {1485--1493},
title = {{Monsoon breaks and subseasonal sea surface temperature variability in the Bay of Bengal}},
volume = {15},
year = {2002}
}
@article{Wang2012a,
author = {Wang, Chung-Chieh and Chen, George Tai-Jen and Huang, Hsiao-Ling and Carbone, Richard E. and Chang, Sau-Wa},
doi = {10.1175/MWR-D-11-00067.1},
journal = {Mon. Weather Rev.},
pages = {721--747},
title = {{Synoptic Conditions Associated with Propagating and Nonpropagating Cloud/Rainfall Episodes during the Warm Season over the East Asian Continent}},
volume = {140},
year = {2012}
}
@article{Boos2013a,
author = {Boos, William R. and Hurley, John V.},
doi = {10.1175/JCLI-D-12-00493.1},
journal = {J. Climate},
pages = {2279--2287},
title = {{Thermodynamic Bias in the Multimodel Mean Boreal Summer Monsoon}},
volume = {26},
year = {2013}
}
@article{Kansakar2004,
author = {Kansakar, Sunil R. and Hannah, David M. and Gerrard, John and Rees, Gwyn},
doi = {10.1002/joc.1098},
journal = {Int. J. Climatol.},
pages = {1645--1659},
title = {{Spatial pattern in the precipitation regime of Nepal}},
volume = {24},
year = {2004}
}
@article{Gao2013a,
author = {Gao, Y. C. and Liu, M. F.},
doi = {10.5194/hess-17-837-2013},
journal = {Hydrol. Earth Syst. Sci.},
pages = {837--849},
title = {{Evaluation of high-resolution satellite precipitation products using rain gauge observations over the Tibetan Plateau}},
volume = {17},
year = {2013}
}
@article{Hoerling1997,
author = {Hoerling, Martin and Kumar, Arun and Zhong, Min},
journal = {J. Climate},
pages = {1769--1786},
title = {{El Nino, La Nina, and the Nonlinearity of Their Teleconnections}},
volume = {10},
year = {1997}
}
@article{Li2013,
author = {Li, Zhi and Yu, Weidong and Li, Tim and Murty, V. S. N. and Tangang, Fredolin},
doi = {10.1175/JCLI-D-11-00627.1},
journal = {J. Climate},
pages = {1033--1046},
title = {{Bimodal Character of Cyclone Climatology in the Bay of Bengal Modulated by Monsoon Seasonal Cycle}},
volume = {26},
year = {2013}
}
@article{Cao2014,
author = {Cao, Jie and Yao, Ping and Wang, Lin and Liu, Kui},
doi = {10.1175/JCLI-D-13-00121.1},
journal = {J. Climate},
pages = {880--892},
title = {{Summer Rainfall Variability in Low-Latitude Highlands of China and Subtropical Indian Ocean Dipole}},
volume = {27},
year = {2014}
}
@article{Molnar1999,
author = {Molnar, Peter and Emanuel, Kerry A.},
journal = {J. Geophys. Res.},
pages = {24265--24271},
title = {{Temperature Profiles in Radiative-Convective Equilibrium above Surfaces at different heights}},
volume = {104},
year = {1999}
}
@book{Holton2004,
author = {Holton, James R.},
pages = {86--115},
publisher = {Academic Press},
title = {{An Introduction to Dynamic Meteorology}},
year = {2004}
}
@article{Chen1999,
author = {Chen, Tsing-Chang and Weng, Shu-Ping},
journal = {Mon. Weather Rev.},
pages = {1005--1020},
title = {{Interannual and intraseasonal variations in monsoon depressions and their westward-propagating predecessors}},
volume = {127},
year = {1999}
}
@article{Iguchi2009,
author = {Iguchi, Toshio and Kozu, Toshiaki and Kwiatkowski, John and Meneghini, Robert and Awaka, Jun and Okamoto, Ken'ichi},
doi = {10.2151/jmsj.87A.1},
issn = {0026-1165},
journal = {J. Meteorol. Soc. Japan},
pages = {1--30},
title = {{Uncertainties in the Rain Profiling Algorithm for the TRMM Precipitation Radar}},
volume = {87A},
year = {2009}
}
@article{Preisendorfer1981,
author = {Preisendorfer, Rudolph W. and Zwiers, Francis W. and Barnett, Tim P.},
journal = {SIO Ref. Ser.},
title = {{Foundations of principal component selection rules}},
volume = {81-4},
year = {1981}
}
@TECHREPORT{Lorenz1956,
author = {Lorenz, Edward N.},
title = {{Empirical orthogonal functions and statistical weather prediction}},
year = {1956},
type ={Statistical Forecasting Project},
number ={Sci. Rep. No. 1},
pages = 49,
institution = {Massachusetts Institute of Technology}
}
@book{Wilks2006,
author = {Wilks, David S.},
pages = {463-508},
publisher = {Academic Press},
title = {{Statistical methods in the atmospheric sciences}},
year = {2006}
}
@article{Krishnamurthy2000,
author = {Krishnamurthy, V. and Shukla, Jagadish},
journal = {J. Climate},
pages = {4366--4377},
title = {{Intraseasonal and Interannual Variability of Rainfall over India}},
volume = {13},
year = {2000}
}
@article{Halley1686,
author = {Halley, E.},
doi = {10.1098/rstl.1686.0026},
journal = {Philos. Trans. R. Soc. London},
pages = {153--168},
title = {{An Historical Account of the Trade Winds, and Monsoons, Observable in the Seas between and Near the Tropicks, with an Attempt to Assign the Phisical Cause of the Said Winds}},
volume = {16},
year = {1686}
}
@article{Gao2013,
author = {Gao, Jing and Masson-Delmotte, Valerie and Risi, Camille and He, You and Yao, Tandong},
journal = {Tellus B},
pages = {21043},
title = {{What controls precipitation $\delta^{18}$O in the southern Tibetan Plateau at seasonal and intra-seasonal scales? A case study at Lhasa and Nyalam}},
volume = {65},
year = {2013}
}
@article{Pena-Arancibia2013,
author = {Pe\~{n}a-Arancibia, Jorge L. and van Dijk, Albert I. J. M. and Renzullo, Luigi J. and Mulligan, Mark},
doi = {10.1175/JHM-D-12-0132.1},
journal = {J. Hydrometeor.},
pages = {1323--1333},
title = {{Evaluation of Precipitation Estimation Accuracy in Reanalyses, Satellite Products, and an Ensemble Method for Regions in Australia and South and East Asia}},
volume = {14},
year = {2013}
}
@article{Ding2008,
author = {Ding, Yihui and Wang, Zunya and Sun, Ying},
doi = {10.1002/joc},
journal = {Int. J. Climatol.},
pages = {1139--1161},
title = {{Inter-decadal variation of the summer precipitation in East China and its association with decreasing Asian summer monsoon. Part I: Observed evidences}},
volume = {28},
year = {2008}
}
@article{Kosaka2011,
author = {Kosaka, Yu and Xie, Shang-Ping and Nakamura, Hisashi},
doi = {10.1175/2011JCLI4099.1},
journal = {J. Climate},
pages = {5435--5453},
title = {{Dynamics of Interannual Variability in Summer Precipitation over East Asia}},
volume = {24},
year = {2011}
}
@article{Kaiser1958,
author = {Kaiser, Henry F.},
journal = {Psychometrika},
pages = {187--200},
title = {{The Varimax Criterion for Analytic Rotation in Factor Analysis}},
volume = {23},
year = {1958}
}
@article{Schneider2008,
author = {Schneider, Tapio and Bordoni, Simona},
doi = {10.1175/2007JAS2415.1},
journal = {J. Atmos. Sci.},
pages = {915--934},
title = {{Eddy-Mediated Regime Transitions in the Seasonal Cycle of a Hadley Circulation and Implications for Monsoon Dynamics}},
volume = {65},
year = {2008}
}
@article{Bordoni2008,
author = {Bordoni, Simona and Schneider, Tapio},
doi = {10.1038/ngeo248},
journal = {Nat. Geosci.},
pages = {515--519},
title = {{Monsoons as eddy-mediated regime transitions of the tropical overturning circulation}},
volume = {1},
year = {2008}
}
@article{Gleeson2012,
author = {Gleeson, Tom and Wada, Yoshihide and Bierkens, Marc F. P. and van Beek, Ludovicus P. H.},
doi = {10.1038/nature11295},
pages = {197--200},
title = {{Water balance of global aquifers revealed by groundwater footprint}},
volume = {488},
journal = {Nature},
year = {2012}
}
@article{Luo2011,
author = {Luo, Yali and Zhang, Renhe and Qian, Weimiao and Luo, Zhengzhao and Hu, Xin},
doi = {10.1175/2010JCLI4032.1},
journal = {J. Climate},
pages = {2164--2177},
title = {{Intercomparison of Deep Convection over the Tibetan Plateau-Asian Monsoon Region and Subtropical North America in Boreal Summer Using CloudSat/CALIPSO Data}},
volume = {24},
year = {2011}
}
@article{Yao2013,
author = {Yao, Tandong and Masson-Delmotte, Valerie and Gao, Jing and Yu, Wusheng and Yang, Xiaoxin and Risi, Camille and Sturm, Christophe and Werner, Martin and Zhao, Huabiao and He, You and Ren, Wei and Tian, Lide and Shi, Chunming and Hou, Shugui},
doi = {10.1002/rog.20023},
journal = {Rev. Geophys.},
pages = {525-548},
title = {{A review of climatic controls on $\delta^{18}$O in precipitation over the Tibetan Plateau: observations and simulations}},
volume = {51},
year = {2013}
}
@article{Wang2012,
author = {Wang, Shih-Yu and Gillies, Robert R.},
doi = {10.1007/s00382-012-1376-2},
journal = {Clim. Dyn.},
pages = {95--107},
title = {{Influence of the Pacific quasi-decadal oscillation on the monsoon precipitation in Nepal}},
volume = {40},
year = {2012}
}
@article{Dai1997,
author = {Dai, Aiguo and Fung, Inez Y. and {Del Genio}, Anthony D.},
journal = {J. Climate},
pages = {2943--2962},
title = {{Surface observed global land precipitation variations during 1900-88}},
volume = {10},
year = {1997}
}
@article{Kumar2006,
author = {Kumar, K. Krishna and Rajagopalan, Balaji and Hoerling, Martin and Bates, Gary and Cane, Mark},
doi = {10.1126/science.1131152},
journal = {Science},
pages = {115--119},
title = {{Unraveling the mystery of Indian monsoon failure during El Ni\~{n}o}},
volume = {314},
year = {2006}
}
@article{Hurley2013,
author = {Hurley, John V. and Boos, William R.},
journal = {J. Climate},
pages = {9507--9527},
title = {{Interannual variability of monsoon precipitation and subcloud equivalent potential temperature}},
volume = {26},
year = {2013}
}
@article{Boos2013,
author = {Boos, William R. and Kuang, Zhiming},
doi = {10.1038/srep01192},
journal = {Sci. Rep.},
pages = {1192},
title = {{Sensitivity of the South Asian monsoon to elevated and non-elevated heating}},
volume = {3},
year = {2013}
}
@article{Cai2012,
author = {Cai, Yanjun and Zhang, Haiwei and Cheng, Hai and An, Zhisheng and Edwards, R. Lawrence and Wang, Xianfeng and Tan, Liangcheng and Liang, Fuyuan and Wang, Jin and Kelly, Megan},
doi = {10.1016/j.epsl.2012.04.035},
journal = {Earth Planet. Sci. Lett.},
pages = {135--144},
title = {{The Holocene Indian monsoon variability over the southern Tibetan Plateau and its teleconnections}},
volume = {335-336},
year = {2012}
}
@article{Chelton1982,
author = {Chelton, Dudley and Davis, Russ},
journal = {J. Phys. Oceanogr.},
pages = {757--784},
title = {{Monthly Mean Sea-Level Variability Along the West Coast of North America}},
volume = {12},
year = {1982}
}
@article{Aksoy1999,
author = {Aksoy, Hafzullah},
journal = {Turkish J. Eng. Environ. Sci.},
pages = {419--428},
title = {{Use of Gamma Distribution in Hydrological Analysis}},
volume = {24},
year = {2000}
}
@article{Gadgil2003,
author = {Gadgil, Sulochana},
doi = {10.1146/annurev.earth.31.100901.141251},
journal = {Annu. Rev. Earth Planet. Sci.},
pages = {429--467},
title = {{The Indian Monsoon and its Variability}},
volume = {31},
year = {2003}
}
@article{Boos2010,
author = {Boos, William R. and Kuang, Zhiming},
doi = {10.1038/nature08707},
journal = {Nature},
pages = {218--222},
title = {{Dominant control of the South Asian monsoon by orographic insulation versus plateau heating}},
volume = {463},
year = {2010}
}
@article{Plumb1992,
author = {Plumb, R. Alan and Hou, Arthur Y.},
journal = {J. Atmos. Sci.},
pages = {1790--1799},
title = {{Response of a Zonally Symmetric Atmosphere to Subtropical Thermal Forcing}},
volume = {49},
year = {1992}
}
@article{Xie2006,
author = {Xie, Shang-Ping and Xu, Haiming and Saji, N. H. and Wang, Yuqing and Liu, W. Timothy},
journal = {J. Climate},
pages = {3420--3429},
title = {{Role of Narrow Mountains in Large-Scale Organization of Asian Monsoon Convection}},
volume = {19},
year = {2006}
}
@article{Ding2005,
author = {Ding, Yihui and Chan, Johnny C. L.},
doi = {10.1007/s00703-005-0125-z},
journal = {Meteorol. Atmos. Phys.},
pages = {117--142},
title = {{The East Asian summer monsoon: an overview}},
volume = {89},
year = {2005}
}
@article{Romatschke2011a,
author = {Romatschke, Ulrike and Houze, Robert A.},
doi = {10.1175/2010JHM1289.1},
journal = {J. Hydrometeor.},
pages = {3--26},
title = {{Characteristics of Precipitating Convective Systems in the South Asian Monsoon}},
volume = {12},
year = {2011}
}
@article{Sampe2010,
author = {Sampe, Takeaki and Xie, Shang-Ping},
doi = {10.1175/2009JCLI3128.1},
journal = {J. Climate},
pages = {113--134},
title = {{Large-Scale Dynamics of the Meiyu-Baiu Rainband: Environmental Forcing by the Westerly Jet}},
volume = {23},
year = {2010}
}
@article{Pausata2011,
author = {Pausata, Francesco S. R. and Battisti, David S. and Nisancioglu, Kerim H. and Bitz, Cecilia M.},
doi = {10.1038/ngeo1169},
journal = {Nat. Geosci.},
pages = {474--480},
title = {{Chinese stalagmite $\delta^{18}$O controlled by changes in the Indian monsoon during a simulated Heinrich event}},
volume = {4},
year = {2011}
}
@article{Molnar2010,
author = {Molnar, Peter and Boos, William R. and Battisti, David S.},
doi = {10.1146/annurev-earth-040809-152456},
journal = {Annu. Rev. Earth Planet. Sci.},
pages = {77--102},
title = {{Orographic Controls on Climate and Paleoclimate of Asia: Thermal and Mechanical Roles for the Tibetan Plateau}},
volume = {38},
year = {2010}
}
@article{Risi2010,
author = {Risi, Camille and Bony, Sandrine and Vimeux, Fran\c{c}oise and Jouzel, Jean},
doi = {10.1029/2009JD013255},
journal = {J. Geophys. Res.},
pages = {D12118},
title = {{Water-stable isotopes in the LMDZ4 general circulation model: Model evaluation for present-day and past climates and applications to climatic interpretations of tropical isotopic records}},
volume = {115},
year = {2010}
}
@article{Li1996,
author = {Li, Chengfeng and Yanai, Michio},
journal = {J. Climate},
pages = {358--375},
title = {{The Onset and Interannual Variability of the Asian Summer Monsoon in Relation to Land-Sea Thermal Contrast}},
volume = {9},
year = {1996}
}
@article{Lee2012,
author = {Lee, Jung-Eun and Risi, Camille and Fung, Inez Y. and Worden, John and Scheepmaker, Remco A. and Lintner, Benjamin and Frankenberg, Christian},
doi = {10.1029/2011JD017133},
journal = {J. Geophys. Res.},
pages = {D15112},
title = {{Asian monsoon hydrometeorology from TES and SCIAMACHY water vapor isotope measurements and LMDZ simulations: Implications for speleothem climate record interpretation}},
volume = {117},
year = {2012}
}
@article{Gao2011,
author = {Gao, Jing and Masson-Delmotte, Valerie and Yao, Tandong and Tian, Lide and Risi, Camille and Hoffmann, G.},
doi = {10.1175/2010JCLI3736.1},
journal = {J. Climate},
pages = {3161--3178},
title = {{Precipitation Water Stable Isotopes in the South Tibetan Plateau: Observations and Modeling}},
volume = {24},
year = {2011}
}
@article{Yatagai2012,
author = {Yatagai, Akiyo and Kamiguchi, Kenji and Arakawa, Osamu and Hamada, Atsushi and Yasutomi, Natsuko and Kitoh, Akio},
doi = {10.1175/BAMS-D-11-00122.1},
journal = {Bull. Am. Meteorol. Soc.},
pages = {1401--1415},
title = {{APHRODITE: Constructing a Long-Term Daily Gridded Precipitation Dataset for Asia Based on a Dense Network of Rain Gauges}},
volume = {93},
year = {2012}
}
@article{Prive2007a,
author = {Priv\'{e}, Nikki C. and Plumb, R. Alan},
doi = {10.1175/JAS3917.1},
journal = {J. Atmos. Sci.},
pages = {1431--1442},
title = {{Monsoon Dynamics with Interactive Forcing. Part II: Impact of Eddies and Asymmetric Geometries}},
volume = {64},
year = {2007}
}
@article{Prive2007,
author = {Priv\'{e}, Nikki C. and Plumb, R. Alan},
doi = {10.1175/JAS3916.1},
journal = {J. Atmos. Sci.},
pages = {1417--1430},
title = {{Monsoon Dynamics with Interactive Forcing. Part I: Axisymmetric Studies}},
volume = {64},
year = {2007}
}
@article{Wu2012,
author = {Wu, Guoxiong and Liu, Yimin and He, Bian and Bao, Qing and Duan, Anmin and Jin, Fei-Fei},
doi = {10.1038/srep00404},
journal = {Sci. Rep.},
pages = {404},
title = {{Thermal controls on the Asian summer monsoon.}},
volume = {2},
year = {2012}
}
@article{Schiemann2009,
author = {Schiemann, Reinhard and L\"{u}thi, Daniel and Sch\"{a}r, Christoph},
doi = {10.1175/2008JCLI2625.1},
journal = {J. Climate},
pages = {2940--2957},
title = {{Seasonality and Interannual Variability of the Westerly Jet in the Tibetan Plateau Region}},
volume = {22},
year = {2009}
}
@article{Kosaka2012,
author = {Kosaka, Yu and Chowdary, J. S. and Xie, Shang-Ping and Min, Young-Mi and Lee, June-Yi},
doi = {10.1175/JCLI-D-12-00009.1},
journal = {J. Climate},
pages = {7574--7589},
title = {{Limitations of Seasonal Predictability for Summer Climate over East Asia and the Northwestern Pacific}},
volume = {25},
year = {2012}
}
@article{Feng2012,
author = {Feng, Lei and Zhou, Tianjun},
doi = {10.1029/2011JD017012},
journal = {J. Geophys. Res.},
pages = {D20114},
title = {{Water vapor transport for summer precipitation over the Tibetan Plateau: Multidata set analysis}},
volume = {117},
year = {2012}
}
